@inproceedings{winstein2013stochastic,
  title={Stochastic Forecasts Achieve High Throughput and Low Delay over
         Cellular Networks.},
  author={Winstein, Keith and Sivaraman, Anirudh and Balakrishnan, Hari and
          others},
  booktitle={NSDI},
  pages={459--471},
  year={2013}
}
@inproceedings{mittal2015timely,
  title={TIMELY: RTT-based Congestion Control for the Datacenter},
  author={Mittal, Radhika and Dukkipati, Nandita and Blem, Emily and Wassel,
          Hassan and Ghobadi, Monia and Vahdat, Amin and Wang, Yaogong and
          Wetherall, David and Zats, David and others},
  booktitle={ACM SIGCOMM Computer Communication Review},
  volume={45},
  number={4},
  pages={537--550},
  year={2015},
  organization={ACM}
}
